@article{Bertail2001,
    author  = "Patrice Bertail, Christian Haefke, Dimitris N. Politis",
    title   = "A subsampling approach to estimating the distribution of diverging statistics with applications to assessing financial market risks.",
    year    = "2001",
    journal = "",
    volume  = "",
    number  = "",
    pages   = ""
}

@article{Betail1995,
    author  = "Patrice Bertail, Dimitris N. Politis, Joseph P. Romano",
    title   = "On subsampling estimatorswith unknown rate of convergence.",
    year    = "1995",
    journal = "",
    volume  = "",
    number  = "",
    pages   = ""
}


